3942 5534
572 384 585 443 t
981 369 1298 507 (κων)

571 549 638 667 in
707 535 818 660 illa
885 535 1304 666 Universttate
1373 540 1719 673 Medicina
1816 682 1822 699 ,

395 754 399 761 ‘
559 701 916 854 Professor,
962 711 1043 850 in·
1071 702 1405 834 confilium
1465 742 1723 841 vocatus

562 871 720 1001 fuit.
767 872 1033 1035 Inutilia
1062 866 1239 996 fuere
1266 883 1601 1045 propinata
1632 925 1723 1006 re·

284 1188 287 1194 ,
558 1038 806 1188 media,
853 1082 999 1167 cum
1041 1044 1257 1164 omnia
1287 1050 1355 1166 in
1386 1080 1721 1210 aegrotante

428 1326 432 1331 ,
556 1245 770 1381 prater
811 1238 1043 1331 naturae
1103 1204 1396 1332 ordinem
1448 1211 1716 1347 fierentt

559 1371 934 1505 excernebat
988 1377 1163 1498 enim
1216 1374 1508 1543 quotidie
1567 1421 1722 1546 aegra

559 1584 867 1714 magnam,
903 1540 1145 1667 cerebri
1186 1548 1438 1830 cofiam
1481 1585 1590 1714 per
1618 1551 1721 1673 au·
1854 1666 1862 1679 .

515 1763 693 1847 rem
746 1709 1087 1859 sinistram,
1145 1707 1260 1832 nul
1290 1752 1333 1836 o
1389 1750 1720 1880 apparente
1866 1805 1869 1810 -

560 1886 861 2028 vulnere,
911 1902 1019 2006 ¹aut
1078 1906 1361 2045 ruptura.
1422 1881 1738 2030 Habeba

561 2090 661 2178 tur
707 2046 833 2174 tale
881 2077 1350 2173 excrementum
1403 2088 1520 2217 pro
1560 2094 1722 2175 cere-

565 2220 684 2345 bro
742 2214 1057 2347 humanos
1118 2245 1183 2337 at·
1232 2257 1295 2338 re
1351 2213 1719 2383 diligentius

96 2528 100 2535 Δ
353 2532 356 2543 .
565 2383 991 2536 confiderata,
1025 2388 1097 2514 &
1127 2428 1160 2506 a
1190 2380 1547 2509 dostiffrmo
1578 2430 1720 2556 prae-

297 2594 301 2602 ’
352 2692 359 2701 ,
506 2676 508 2681 ,
564 2551 778 2684 sertim
835 2551 1079 2678 Stahlio
1133 2551 1466 2723 perpensa,
1529 2558 1721 2679 auno·

426 2872 431 2881 ,
567 2719 852 2850 scebatur
907 2718 1252 2850 vitulinum
1305 2717 1474 2873 effe,
1529 2658 1721 2894 itique

477 2944 482 2949 ·
569 2937 647 3018 eo
675 2896 924 3040 certius,
939 2930 1072 3057 quo
1100 2894 1282 3013 citius
1309 2890 1504 3014 multa
1533 2897 1723 3015 etiam

570 3057 826 3186 officula
868 3088 1054 3225 caput
1095 3055 1440 3185 vitulinum
1496 3057 1720 3183 consti-

570 3233 846 3376 tuentia,
895 3222 1339 3379 ejiciebantur.
1401 3229 1579 3351 Fecit
1623 3226 1722 3347 Sa·

571 3434 743 3521 tanas
777 3392 892 3520 hos
920 3388 1108 3518 ludos
1136 3433 1244 3560 per
1273 3389 1520 3561 aliquot
1548 3433 1722 3517 men·

571 3556 1243 3733 se5‚quibuselaps13‚
1274 3562 1456 3686 Uxor
1486 3563 1723 3689 Lanio·
1955 3622 1956 3709 t

565 3740 670 3885 ,nis
712 3737 951 3898 integre
999 3724 1383 3856 convaluit„
1807 3829 1812 3835 .

1618 4059 1676 4134 In·
