3942 5534
927 482 930 489 ·
984 427 1309 570 (Lxx-Vl
1340 423 1382 563 J

484 690 504 697 -
596 598 1101 769 interquinqoe.
1126 588 1323 742 alios,
1364 592 1501 765 qui.
1538 601 1760 769 priori<
1855 648 1857 653 ·

580 781 719 905 -bur
758 761 1008 897 suffedii
1035 793 1242 892 erantr
1277 767 1584 934 praecipue
1610 774 1763 940 quia
1937 786 1939 817 ‘

432 1034 440 1041 -
602 940 922 1071 contrario
994 968 1077 1055 ex
1125 933 1438 1057 crimento
1503 932 1764 1063 Martha

603 1151 774 1239 nunc
817 1091 1066 1272 quibus
1139 1138 1204 1219 m
1231 1093 1363 1224 visa
1394 1135 1523 1227 erat
1561 1103 1764 1269 angli·
1841 1263 1846 1272 Ι
1941 1102 1942 1115 '

606 1323 676 1405 ce
718 1317 789 1399 ac
829 1271 1023 1393 latine
1076 1262 1294 1432 ioquir
1350 1308 1511 1435 quos
1550 1300 1764 1393 tamen
1942 1276 1944 1343 ³

291 1544 297 1551 .
606 1479 826 1571 omnes
878 1427 1194 1558 refutabat
1251 1437 1500 1599 egregie
1558 1434 1769 1560 Mare·
1848 1584 1850 1591 s
1944 1458 1946 1471 ‘

167 1679 174 1691 ·
396 1696 400 1702 ·
608 1606 870 1737 scottus.
914 1604 1036 1724 Vid.
1075 1638 1196 1762 pag.
1250 1624 1387 1739 869.
1443 1627 1581 1739 870.
1623 1630 1763 1739 871.

634 1838 640 1847 ·
751 1766 1014 1919 Interim
1072 1766 1384 1925 Henricus
1437 1769 1570 1900 IV.
1637 1810 1765 1894 mee

611 1972 792 2095 tuens
835 1978 916 2059 ne
956 1927 1126 2059 forte
1172 1929 1302 2059 haec
1343 1932 1768 2104 praestigiatrix

610 2101 1055 2259 adhiberetur,
1101 2094 1181 2225 ad
1210 2103 1528 2230 tumultur
1555 2136 1769 2230 contra

611 2313 826 2404 recens
866 2266 1275 2400 Nannetense
1316 2268 1597 2399 edietum
1621 2313 1771 2399 con·

613 2434 943 2591 citandos,
974 2479 1106 2563 rem
1151 2430 1444 2605 supremo
1470 2437 1771 2564 Parifieo·
1956 2558 1957 2563 t

615 2602 1444 2762 sr-senatuidijudicandam
1472 2601 1766 2731 tradidit.

413 2874 417 2885 .
517 2855 565 2877 -·
615 2772 855 2900 Exarte
900 2771 1224 2937 Martham
1251 2768 1371 2897 effe
1397 2772 1774 2941 quadragin·
1924 2774 1959 2843 Ψ

530 3022 537 3037 ·
617 2974 680 3067 ta
724 2938 990 3070 dierum
1020 2936 1236 3112 spatio*
1275 2938 1768 3089 observandam,
1958 3038 1959 3057 2

620 3110 875 3239 Senatus
926 3106 1165 3259 edixit,
1220 3099 1510 3279 serioque
1553 3153 1589 3232 a
1628 3149 1772 3277 prae·

621 3280 820 3445 cipuis
857 3274 1053 3402 Urbis
1091 3273 1371 3401 Medicis
1398 3278 1779 3403 examinari.'

621 3439 731 3566 Hi‘
755 3487 903 3577 vero
956 3452 1090 3568 nihil
1128 3455 1539 3604 prateraaturale
1580 3446 1775 3603 subff

623 3604 825 3735 testati
854 3606 1025 3737 sunt.
1047 3611 1220 3738 Hinc
1249 3613 1526 3762 Senatus,
1541 3607 1776 3738 turnult-

624 3804 760 3907 tum
797 3809 1116 3933 metuens,
1145 3821 1351 3951 eoque
1376 3786 1769 3952 propiorem,
1910 3894 1916 3902 .

820 4016 827 4025 .
1179 4008 1185 4017 .
1221 3998 1228 4005 -
1636 3968 1725 4043 qro-
