3942 5534
981 416 987 423 .
1070 341 1240 474 Lu)

560 524 718 694 ptis,
761 512 978 635 latinis·
1015 347 1226 693 berbis
1267 540 1455 676 negat
1493 508 1721 638 obedi·

562 731 660 812 re.
709 681 923 803 Frater
976 708 1127 799 tunc
1167 716 1346 800 meus
1401 680 1483 800 in
1523 674 1721 969 suigi-

565 857 818 978 cionem
859 841 946 967 ali
970 848 1139 965 *uam
1179 847 1475 998 veniens,
1510 849 1618 971 Ru
1673 853 1722 969 i-

549 999 682 1166 bn,
725 1012 919 1135 latine
947 882 1342 1177 ioquendo,
1390 1009 1605 1164 jubet,
1653 1044 1724 1137 ut

541 1174 998 1345 rEvangelium
1035 1172 1213 1341 quod
1256 1180 1326 1297 in
1365 1171 1528 1301 festo
1562 1181 1724 1307 Divi

498 1464 503 1473 .
568 1342 911 1477 Michaelis
978 1344 1283 1486 occurrit,
1353 1344 1423 1463 in
1478 1341 1743 1468 Miffali.

316 1601 326 1617 ,
391 1644 396 1651 ,
571 1519 867 1712 reperiat.
930 1499 1272 1637 Recusavit
1328 1502 1722 1672 objurgans,

571 1722 869 1853 vanaque
924 1685 1084 1800 latine
1135 1668 1511 1844 respondit,
1559 1707 1723 1802 ante·
1771 1718 1781 1737 ·

573 1892 764 2023 quam
808 1843 1131 1973 obediret.
1188 1838 1486 1967 Tandem
1535 1885 1726 2016 vern,

574 2061 709 2147 non
750 2014 876 2140 fine
917 2017 1190 2138 maxima
1244 2006 1619 2138 adstantium
1661 2054 1728 2138 o·

577 2189 827 2312 mnium
853 2170 1306 2330 admiratione,
1336 2184 1632 2349 paginam
1656 2185 1727 2306 in

414 2442 418 2451 -
515 2380 519 2387 '
579 2343 794 2479 clauso
835 2346 1040 2474 Libro
1080 2345 1423 2499 indicavit,
1479 2348 1595 2474 ubi
1645 2352 1728 2472 E-

464 2580 468 2585 *
578 2517 946 2685 vangelium
998 2511 1364 2649 adamuffim
1415 2548 1731 2686 repertum
1792 2625 1803 2643 ,

582 2685 668 2809 est
685 2694 708 2804 .'
757 2676 1068 2844 Quisnam
1118 2717 1328 2809 autem
1377 2683 1734 2825 Diabolum

581 2850 687 2977 hic
728 2846 994 2976 adfuisse
1036 2850 1331 3017 negabit?
1382 2854 1480 2975 De
1509 2851 1732 2977 Eccle-

583 3015 678 3142 fia
724 3025 792 3143 in
834 3060 979 3144 eum
1019 3015 1319 3190 potestate
1358 3023 1499 3189 quis
1542 3017 1729 3147 dubi·

503 3316 508 3323 ,
585 3188 785 3311 tabit?
1504 3205 1506 3209 ’

729 3349 976 3478 Ordine
1016 3396 1185 3479 nunc
1228 3352 1289 3478 se
1337 3356 1504 3481 uitur
1544 3386 1613 3478 ut
1638 3358 1733 3477 in-

427 3534 430 3538 “
585 3514 905 3671 dicemus,
945 3393 1364 3690 quomodoie
1391 3563 1600 3690 gerere
1628 3519 1735 3645 de·

498 3692 501 3699 “
591 3686 780 3811 beant
809 3687 975 3827 Sacri
1003 3684 1339 3814 Exorcistae
1359 3786 1377 3841 ‚
1395 3721 1734 3857 antequam

573 3854 671 3980 de
713 3848 964 3987 obseffis
1018 3855 1324 4014 judicium
1376 3851 1724 4097 profergnts

455 4045 459 4052 .
769 4062 775 4069 ,
1637 4041 1687 4094 m,
