3942 5534
203 437 252 469 ·.
387 502 397 511 μ
558 373 921 517 (Χινιι)

6 668 9 679 .
155 653 202 709 ,,
248 542 541 675 Christus
568 526 915 711 Discipulis
942 538 1310 694 substarex

157 820 208 875 ‚,.
252 712 541 890 pluribus
583 711 1121 877 SacraetScriprura
1149 713 1309 840 locis

158 933 226 1042 „²
301 896 464 1040 atet)
512 874 723 1047 postea
763 910 1114 1043 exponere,
1171 916 1309 1048 qua

158 1152 205 1208 ,.,
253 929 588 1175 bominum
650 1037 1133 1168 auscultantium
1188 1079 1311 1172 tur-

155 1317 204 1374 „
243 1220 352 1342 bis
397 1214 677 1361 dixerat,
726 1213 799 1339 bt
844 1250 981 1379 quae
1038 1252 1173 1335 non
1219 1210 1308 1339 sa-

85 1394 97 1440 “·
159 1457 205 1541 ‚-‚
251 1389 345 1513 tis¹
387 1376 858 1505 intellexerant:
918 1386 1041 1533 jam
1103 1413 1309 1508 autem
1475 1509 1480 1520 ,

159 1549 405 1708 „talia
447 1546 576 1673 illis
615 1545 811 1695 dicit,
853 1586 990 1714 quae
1042 1545 1308 1675 manife-

25 1805 29 1813 -
99 1760 102 1763 ·
159 1819 204 1874 „
251 1719 338 1843 ste
368 1716 682 1841 firmarent
708 1711 886 1837 illam
906 1717 1302 1875 opinionem,

160 1985 206 2041 „
252 1929 444 2056 quam
471 1881 829 2032 habebant,
856 1878 1037 2051 quod
1064 1926 1098 2006 a
1138 1884 1308 2012 malo

159 2150 209 2207 „
258 2057 491 2222 Spiritu
530 2048 785 2174 morbus
854 2044 1065 2174 miseri
1132 2050 1304 2180 illius

159 2318 206 2377 „
254 2224 432 2387 pueri
473 2213 812 2385 produo’tus
839 2213 1071 2342 fuerat.
1114 2222 1307 2344 Certe

70 2528 77 2533 ,
165 2485 211 2541 ,,
258 2391 649 2509 Damoniaci
689 2385 791 2507 illi
830 2383 909 2508 de
949 2374 1182 2554 quibus
1221 2385 1309 2512 le·
1446 2498 1451 2504 .

70 2690 75 2695 ¹
139 2560 210 2710 s„
256 2557 424 2720 gitur
450 2560 517 2677 in
548 2556 772 2678 Sacris:
795 2649 840 2704 „
861 2561 1068 2676 Marah.
1099 2593 1210 2714 cap.
1248 2584 1300 2677 8.

161 2726 303 2884 vers.
354 2749 452 2843 28.
482 2741 543 2849 &⁹
558 2726 678 2886 seq.
711 2733 893 2842 Marc.
926 2762 1035 2882 cap.
1077 2770 1128 2870 5.
1160 2729 1305 2883 vers.
1488 2826 1506 2836 .

7 2988 8 2991 ,
70 2999 75 3009 ,
164 2937 219 3015 2.
267 2901 407 3012 Luca
451 2930 560 3049 cap.
617 2916 669 3011 8.
720 2890 861 3046 vers.
910 2933 1007 3025 27.
1043 2986 1089 3040 „
1120 2888 1310 3016 habe·
1547 2936 1552 2955 ·

160 3156 207 3213 „
258 3056 412 3183 bant
454 3055 604 3180 talia
656 3046 1106 3223 symptomata,
1161 3103 1312 3230 qua·

161 3226 342 3379 „lia
398 3230 466 3350 in
494 3226 814 3349 Maniacis·
861 3223 1310 3376 observantur,
1408 3330 1411 3352 Λ

148 3490 210 3548 .,,
261 3384 370 3515 sed
409 3389 636 3517 diserte
675 3395 743 3519 in
782 3413 959 3519 textu
999 3390 1311 3545 affetitur,

160 3655 213 3714 „
262 3561 594 3687 Daemones
661 3557 927 3727 egreffos
991 3558 1175 3691 fuiffe
1232 3561 1313 3691 de

163 3826 213 3881 „
262 3722 498 3852 miseris
538 3727 702 3881 illis,
752 3734 823 3862 bt
881 3741 1066 3858 venia
1120 3738 1314 3902 impe·

167 3991 214 4050 „
262 3927 456 4045 trata,
502 3893 756 4043 abiviffe
798 3904 866 4024 in
893 3936 1147 4068 gregem
1176 3939 1345 4065 por-x

1211 4082 1270 4137 00·
