3942 5534
1042 480 1244 582 ·Lx11

586 616 789 796 nitor,
853 482 1090 772 circuiri
1143 475 1616 810 Eneigumenas
1664 650 1771 773 ita

587 811 1004 984 disponebat,
1065 842 1133 935 ut
1169 811 1598 973 'mox‚‘‚dum
1633 824 1763 939 au?

587 980 727 1106 dito
756 984 881 1104 Dei
912 978 1015 1105 vel
1048 977 1413 1103 sanctorum
1440 985 1748 1131 nomine,

587 1146 767 1271 finus
813 1142 1132 1268 Diabolus
1179 1146 1438 1311 corpora
1468 1187 1583 1310 pro
1611 1152 1750 1275 mo-

588 1357 652 1436 re
678 1316 971 1475 agitaret,
1004 1314 1309 1597 integram
1338 1307 1745 1476 amphoram,

588 1485 783 1603 unico
827 1479 955 1602 iou
997 1492 1066 1598 in
1156 1483 1354 1598 aciem
1408 1471 1748 1645 pedusque
1811 1484 1814 1489 ⁴

514 1668 522 1685 X
590 1640 1081 1815 profunderent,
1144 1647 1337 1812 idque
1398 1646 1519 1791 ita,
1578 1677 1646 1767 ut
1703 1641 1754 1770 fi

591 1812 671 1936 ad
665 1817 949 2101 rprimam
979 1801 1302 1979 profusam
1330 1808 1747 1934 insultusnon

394 1972 398 1981 ’
590 2023 658 2103 ce
712 2014 881 2129 aret,
910 1971 1083 2103 suam
1115 1973 1336 2115 ordine
1366 2017 1584 2100 omnes
1610 2019 1755 2105 eva·

590 2177 876 2269 cuarent.
940 2142 1064 2267 Sed
1121 2186 1265 2269 curn
1327 2142 1784 2311 intelligerent.

438 2354 442 2361 ·
590 2307 1027 2440 convulfiones
1072 2307 1234 2432 hanc
1293 2303 1523 2435 sortem
1567 2307 1755 2436 habi-

414 2628 418 2637 ,
589 2512 752 2602 tutas
798 2470 953 2622 effe,
1000 2481 1239 2637 integre
1268 2470 1425 2596 sanae
1455 2519 1754 2645 apparue-

588 2671 756 2789 runt
782 2640 1224 2762 Daemoniacae.
1564 2777 1578 2799 N
1624 2710 1650 2733 ¹·

732 2802 982 2952 Nem0‚
1032 2804 1301 2929 confidit
1328 2805 1409 2929 cl.
1454 2808 1752 2963 Auctor,

592 2978 660 3098 in
707 3012 851 3095 eum
892 2969 1367 3138 indignabitur,
1425 2975 1604 3144 quod
1647 2972 1755 3102 ru·

591 3136 674 3264 de
702 3143 1194 3304 experimentum
1209 3147 1557 3269 tentaverit.
1574 3143 1769 3272 Aliis.

592 3312 828 3455 etenim
872 3313 1250 3472 argumentis
1296 3304 1483 3474 plane
1530 3318 1761 3439 convi-

596 3468 726 3597 etus
754 3509 881 3596 erat
906 3471 985 3597 de
1030 3474 1305 3600 nefanda
1340 3470 1563 3601 fraude
1582 3572 1596 3600 .
1615 3474 1761 3604 'Ad

597 3635 952 3787 exhibitam,
1000 3688 1060 3772 v.
1122 3686 1182 3810 g.
1217 3642 1473 3768 sanda
1519 3648 1764 3775 Crucis

597 3811 972 3974 imaginem,
1025 3805 1303 3982 aliasque
1363 3854 1455 3936 res
1510 3806 1710 3938 sacras
1723 3859 1757 3962 ,1

596 3973 1032 4108 convulfiones
1073 3977 1536 4109 excitabantur:
1565 3986 1756 4106 invo-

1645 4143 1703 4220 lu·
