3942 5534
1038 383 1082 520 ἱ(
1115 384 1382 518 tvttt)
1444 446 1449 451 -
1511 444 1515 447 Α

628 557 903 728 cipiebat'
955 562 1217 675 tremere
1271 545 1540 700 Puella,
1601 565 1783 722 angi,

632 723 963 868 anhelate,
1015 717 1325 867 clamate,
1387 714 1643 845 brachia
1697 759 1790 847 to

629 929 890 1062 tumque
930 925 1155 1055 corpus
1210 886 1478 1048 agitate,
1525 887 1797 1057 pollices
1933 1036 1935 1041 ,

629 1057 880 1186 fortiter
906 1058 1066 1177 intra
1095 1061 1340 1219 pugnos
1366 1049 1648 1207 firmare,
1681 1100 1795 1186 vo-

635 1221 1341 1371 cifctari,cantare,ore
1368 1218 1625 1359 tandem
1679 1240 1797 1364 'ro-

633 1390 863 1518 ducete
906 1386 1220 1557 spumam.
1276 1385 1599 1552 Principio
1652 1266 1699 1507 l

635 1594 766 1711 tet,
812 1558 1032 1726 quavis
1072 1549 1179 1675 die
1215 1545 1285 1674 id
1329 1547 1663 1714 contigiffe
1706 1548 1806 1676 af··

378 1728 381 1739 ’
510 1776 515 1785 ·
637 1723 957 1853 firmabat:
1003 1729 1129 1877 jam
1167 1750 1374 1843 autem
1459 1722 1630 1845 uavis
1658 1714 1796 1846 fere

639 1892 827 2017 hora.
903 1886 1192 2015 Puellam
1255 1889 1324 2009 in
1461 1877 1802 2013 osocomio

639 2055 871 2185 servati
911 2052 1076 2210 juffit
1115 2053 1200 2176 D.
1230 2051 1331 2174 De
1372 2049 1596 2203 Haeo,
1628 2062 1804 2182 com·

639 2219 867 2357 modo,
896 2220 1012 2346 suo
1046 2216 1363 2371 smorbum
1415 2226 1801 2349 examinatu-

641 2434 774 2516 rus.
823 2388 1015 2522 Vidit
1065 2382 1246 2512 illam
1296 2383 1517 2513 eadem
1570 2389 1678 2519 die
1731 2397 1802 2517 in

643 2555 813 2682 lello
840 2558 1362 2707 decumbentem,
1391 2551 1797 2710 convulsam,

644 2721 910 2891 pollices
950 2717 1114 2846 adeo
1165 2718 1416 2850 fortiter
1466 2729 1628 2850 intra
1684 2767 1800 2895 pu‘-

444 3000 449 3008 .
686 2931 802 3013 nos
841 2887 1229 3040 firmantem,
1290 2926 1359 3031 ut
1407 2901 1682 3018 maxima
1734 2895 1803 3025 vi
1954 2986 1956 2997 ι

642 2930 924 3207 lolvete,
953 3061 1062 3184 vix
1088 3054 1350 3208 valeret..
1382 3060 1627 3191 Oculos
1650 3059 1801 3185 hor«

645 3220 839 3347 rende
897 3223 1215 3390 agitabat.
1281 3224 1528 3353 Dolum
1592 3260 1806 3353 autem

646 3380 885 3514 subcffe
936 3385 1389 3562 suspicabatur.
1446 3424 1539 3516 1⁰.
1600 3392 1804 3555 Quod

648 3555 822 3680 oculi
879 3555 1140 3684 durante
1199 3558 1602 3728 paroxismO,
1662 3604 1802 3686 non

646 3726 1108 3879 connivendO,
1168 3725 1280 3893 sed
1344 3724 1497 3854 sano
1551 3728 1801 3899 prorsas
1954 3808 1956 3814 ,

649 3889 848 4024 modo
876 3898 1271 4066 aperirentur.
1306 3927 1404 4024 2⁰.
1436 3896 1632 4060 Quod
1658 3893 1799 4063 pul·

1693 4057 1751 4135 sut

1706 1392 1798 1536 is,
1950 1482 1953 1493 .
