3942 5534
590 378 913 539 (urin)

34 618 38 630 ·
179 576 326 707 lutis
367 559 827 721 veroiisdem',
859 564 1107 740 utquid
1136 566 1328 697 effent
1425 578 1428 583 ’
1593 662 1596 669 ,

178 787 311 877 non
359 738 715 907 adpareret,
756 733 949 860 nullo·
996 733 1196 863 modo
1238 734 1337 867 fu·

183 911 355 1036 rebat
384 901 728 1028 Diabolus.
762 898 1049 1070 idipsum
1091 913 1338 1033 contin·

180 1075 368 1245 gebat
424 1069 618 1197 fivel
676 1111 835 1237 aqua
885 1066 1171 1220 lustrali,
1229 1074 1334 1205 vel

179 1244 824 1404 communi,corpora
844 1231 1330 1405 aspergerentur.

181 1404 325 1539 Nifi
363 1445 515 1570 ergo
559 1401 639 1526 ad
684 1397 1021 1528 hominum
1048 1403 1235 1532 dolos
1264 1412 1337 1539 δε

67 1731 73 1737 ,
180 1568 534 1730 vafritiam,
560 1568 832 1696 'Medici
871 1565 934 1694 se
963 1607 1175 1697 cautos
1205 1615 1339 1743 pre·

180 1741 377 1891 stent,
423 1742 727 1871 &artem
774 1741 846 1868 δί
896 1733 1127 1910 seipsos
1171 1740 1340 1903 ludi·
1381 1792 1399 1889 j
1539 1860 1544 1871 .

17 1996 20 2011 κ
185 1911 330 2033 brio
358 1940 708 2072 exponent.
737 1905 951 2029 Haud
979 1917 1064 2033 ita
1091 1907 1340 2077 pridem

190 2065 627 2242 (prosequitur
681 2064 900 2192 clariff.
948 2075 1048 2194 De
1108 2075 1335 2227 Haeo)

185 2242 483 2363 Foemina
508 2232 756 2384 aderat,
786 2278 978 2403 quam
1007 2229 1137 2405 ipse
1164 2244 1345 2363 Con-

188 2400 679 2575 feffariusntanta
722 2401 1034 2568 religione
1061 2403 1341 2572 pollere,
1620 2549 1624 2555 ,

183 2604 364 2697 tanto
408 2575 680 2695 eminere
725 2573 968 2734 pietatis
1000 2572 1371 2720 exerciti0,·
1470 2594 1472 2599 ’

184 2732 533 2885 afferebat,
551 2771 619 2859 ut
644 2730 689 2859 sr
718 2736 923 2858 Sandii
967 2741 1034 2861 in
1083 2735 1199 2862 hac
1227 2741 1344 2863 tel*-

185 2905 324 3035 lure
351 2900 761 3048 haberentur,
791 2897 919 3025 hac
960 2895 1179 3057 saltem
1206 2900 1344 3028 san·
1466 2990 1470 3001 -

21 3224 23 3239 ‚
149 3124 157 3131 ·
187 3072 287 3219 &a
315 3067 608 3197 habenda
634 3062 818 3191 foret.
852 3071 1372 3218 Anxietatibus,

189 3245 268 3369 &
309 3238 492 3407 plane
538 3231 959 3402 singularibus.
977 3233 1167 3364 faciei
1198 3280 1349 3363 con·

191 3405 623 3554 vulsionibus,
683 3407 982 3532 viciniam
1024 3410 1235 3533 'totam
1281 3410 1347 3529 in

193 3568 805 3699 commiserationem
857 3569 1159 3700 ducebat.
1225 3571 1346 3696 llla

197 3776 352 3903 ergo
378 3746 444 3863 in
461 3733 925 3867 Nosocomium
943 3775 1184 3907 recepta
1199 3737 1349 3885 fuit,

201 3906 272 4036 &
315 3905 486 4097 bona
525 3903 677 4033 fide·
698 3902 1142 4076 aliquantisper
1170 3904 1350 4026 dece·

1223 4084 1308 4163 prus
