3942 5534
857 420 860 425 ·
967 388 1296 535 (varu
1330 378 1388 531 )’

592 567 829 703 insultu
870 559 1072 685 libera
1114 554 1456 711 nonfuit,
1506 573 1633 720 jam
1671 575 1750 700 ab

351 872 356 883 ,
534 762 538 767 ’
593 743 748 869 hora
788 772 959 854 nona
998 731 1319 859 matutina.
1348 728 1526 857 diem
1552 732 1763 894 hanc,
1958 748 1960 907 i

597 912 669 1039 &
713 900 1004 1046 alteram,
1033 899 1124 1024 δε
1172 901 1420 1021 tertiam
1458 904 1761 1074 transegit
1958 912 1960 965 ³

532 1142 539 1155 ·
596 1064 977 1237 tranquille,
1023 1062 1520 1220 rationabiliter,
1564 1070 1760 1205 devo·

598 1277 689 1367 te.
735 1230 1190 1380 Famillatiter,
1221 1228 1580 1402 blandeque
1610 1286 1760 1366 cum

600 1395 1216 1547 illa‘confabulatuS,
1232 1431 1492 1525 conatus
1508 1403 1596 1525 est
1622 1450 1763 1535 eam
1959 1446 1962 1538 f

604 1570 979 1701 convincere
1056 1566 1188 1693 uod
1214 1607 1352 1692 non
1380 1566 1527 1691 esset
1554 1615 1586 1693 a
1609 1569 1811 1698 Dia?
1960 1558 1962 1603 i

604 1740 765 1868 bolo
816 1607 1053 1859 ob'sellSl

606 1951 816 2077 aqua,
870 1902 1109 2032 malurn
1162 1901 1475 2055 ceffavit,
1496 1886 1765 2074 quodsi
1961 1934 1963 2067 j

1024 1782 1112 1888 a,
1167 1780 1317 1862 nam
1368 1780 1476 1908 per
1527 1725 1761 1866 auxilia
1869 1754 1877 1775 '

606 2070 973 2200 aDiabolo
1018 2096 1238 2202 natum
1278 2068 1461 2224 effet,
1504 2082 1764 2203 manime
1849 2071 1855 2078 ’
1961 2144 1963 2239 ᾗ

608 2234 975 2369 ceffaturum
1004 2239 1247 2369 fuiffet:
1280 2241 1408 2367 hac
1437 2287 1581 2368 cum
1608 2287 1763 2412 agre
1962 2316 1963 2333 κ

610 2409 999 2562 admitteret,
1031 2413 1169 2581 post
1195 2409 1472 2537 mediam
1509 2412 1769 2540 nottem
1865 2414 1870 2425 ’
1962 2448 1964 2459 ·

608 2576 781 2705 malo
819 2571 934 2702 suo
959 2579 1182 2709 leviter
1209 2577 1369 2704 affici
1396 2589 1624 2747 coepit:
1656 2625 1764 2703 au·
1963 2606 1964 2667 l

607 2746 793 2869 diens
831 2787 983 2874 vero
1026 2790 1237 2874 curam
1275 2788 1447 2917 aqua
1487 2784 1764 2915 repeten·
1873 2872 1876 2889 ,
1964 2838 1965 2843 κ

611 2912 761 3039 dam
787 2956 938 3038 mox
965 2910 1144 3066 fore,
1173 2914 1510 3086 tranquilla
1539 2912 1621 3038 ad
1648 2910 1764 3038 ho·
1964 2968 1965 3011 ³

614 3124 743 3207 ram
781 3082 1019 3209 sextam
1056 3082 1211 3209 fuit:
1258 3117 1411 3209 tunc
1460 3124 1606 3213 vero
1660 3124 1766 3246 ge·
1964 3196 1965 3199 ,

588 3249 1038 3375 sticulationes
1094 3257 1387 3400 iteravit,
1458 3296 1533 3377 ex
1600 3249 1768 3373 letto
1832 3360 1839 3373 .
1964 3304 1965 3337 ÷

619 3415 918 3582 profiliit,
975 3426 1168 3589 capiti
1220 3424 1437 3545 innixa
1477 3427 1546 3543 in
1599 3423 1768 3586 pavi·

617 3617 935 3737 mentum,
977 3625 1186 3712 totum
1225 3628 1444 3755 eorpus
1486 3594 1568 3711 in
1598 3616 1771 3710 ante·

620 3758 817 3903 riora,
852 3788 940 3875 ut.
964 3764 1141 3922 pueri
1182 3751 1423 3905 solent,
1467 3758 1765 3922 projecit,

619 3920 1075 4093 lateraliterque
1127 3907 1190 4049 se
1243 3966 1351 4095 per
1404 3921 1813 4079 cubiculum.
1864 4048 1868 4052 ,

1659 4083 1725 4161 cit·
