3942 5534
631 396 864 532 (nvn
898 393 918 532 )

184 600 379 699 artem
405 616 439 693 a
468 559 530 690 se
561 597 786 689 mutuo
807 556 1100 715 discunt,
1131 606 1211 691 ne
1236 579 1345 699 'vass

182 742 515 909 pulentur‚
556 734 759 859 velut
795 728 1055 854 mollius
1083 734 1344 864 traden-

181 941 322 1056 tur,
371 897 470 1034 vel
518 934 587 1025 ut
613 896 791 1022 nihil
835 933 1139 1063 cogantur
1167 902 1343 1029 addi-

184 1068 382 1198 scere.
433 1070 685 1192 Matura
716 1069 925 1229 Virgo
950 1061 1117 1191 forte
1163 1069 1338 1193 audi-

184 1245 335 1365 vita
365 1233 784 1401 garrientibus
815 1236 980 1354 inter
1007 1228 1069 1355 se
1101 1235 1343 1360 Matro-

188 1410 325 1551 nis,
367 1399 725 1570 epilepsiam
752 1403 1156 1525 matrimonio
1184 1442 1343 1526 non·
1418 1411 1422 1417 ’

13 1598 14 1601 ’
186 1610 514 1738 nunquam
537 1571 783 1697 curarit
834 1607 989 1732 ergo
1029 1602 1164 1692 eam
1204 1577 1343 1693 arti·

187 1729 407 1861 ficiose
430 1733 687 2024 fingere
725 1728 956 1883 discit,
999 1775 1131 1903 quo
1156 1721 1340 1900 cogat

171 1907 480 2043 ¹Parentes
551 1947 583 2026 e
623 1908 764 2031 viro
791 1909 1077 2067 jungere.
1110 1903 1343 2027 Mona-

191 2066 348 2194 chus
392 2108 521 2235 quo
577 2113 609 2191 a
668 2066 865 2193 choro
894 2165 914 2217 ,
943 2113 1003 2191 a
1059 2075 1342 2225 jejuniis,

78 2350 101 2393 ,
190 2234 437 2400 aliaque
464 2235 823 2359 monasticae
842 2240 981 2364 vitae
1023 2231 1342 2404 asperitate

191 2396 255 2524 se
281 2398 598 2551 vindicet,
628 2398 691 2526 se
718 2403 905 2573 fingit
934 2400 1339 2532 convulsum.

191 2565 487 2691 Tandem
528 2575 715 2698 etiam
765 2576 836 2696 in
889 2567 1137 2698 scenam
1190 2577 1393 2727 Diaf,
1566 2546 1573 2555 ¹

193 2732 379 2859 bolus
423 2733 791 2885 adducitur,
818 2781 951 2908 quo
993 2743 1344 2862 intentione

191 2907 395 3051 varia,
456 2898 731 3027 obseffos
785 2899 849 3027 se
907 2904 1185 3066 fingunt.
1246 2910 1348 3027 En

190 3066 440 3245 aliquot
479 3071 798 3239 exempla.
1134 3124 1137 3129 ’
1249 3076 1252 3083 ’

332 3233 798 3366 Adducebatur
850 3238 931 3364 ad
983 3231 1200 3361 clatiff.
1250 3235 1349 3357 De

189 3400 378 3530 Haen
419 3403 675 3557 Puella,
716 3415 892 3573 gravi
921 3405 1140 3533 auditu
1167 3400 1348 3528 labo·

190 3570 1350 3912 iiii}iissifuii‘uissa'fiivcuffi‘iiss

191 3907 598 4079 contingere,
645 3912 854 4149 Mater
880 3908 1194 4036 narrabat.
1247 3908 1351 4081 in-

368 4124 376 4131 .
492 4108 510 4115 -
1090 4120 1092 4125 ·
1257 4084 1306 4138 cl·
